<?xml version = "1.0" encoding = "UTF-8"?>
<OAI-PMH xmlns="http://www.openarchives.org/OAI/2.0/" xmlns:xsi="http://www.w3.org/2001/XMLSchema-instance"
	xsi:schemaLocation="http://www.openarchives.org/OAI/2.0/ http://www.openarchives.org/OAI/2.0/OAI-PMH.xsd">
	<ListRecords>
		<record>
			<header>
				<identifier>aleph-publish:017294630</identifier>
			</header>
			<metadata>
				<record xmlns="http://www.ddb.de/professionell/mabxml/mabxml-1.xsd">
					<leader>------M2.01200024------h</leader>
					<controlfield tag="LDR">------M2.01200024------h
					</controlfield>
					<controlfield tag="FMT">MH</controlfield>
					<datafield tag="001" ind1="-" ind2="1">
						<subfield code="a">HT015780155</subfield>
					</datafield>
					<datafield tag="002" ind1="a" ind2="1">
						<subfield code="a">20081217</subfield>
					</datafield>
					<datafield tag="026" ind1="-" ind2="1">
						<subfield code="a">HBZHT015780155</subfield>
					</datafield>
					<controlfield tag="030">a|1uc||||||37</controlfield>
					<datafield tag="036" ind1="a" ind2="1">
						<subfield code="a">DE</subfield>
					</datafield>
					<datafield tag="037" ind1="b" ind2="1">
						<subfield code="a">ger</subfield>
					</datafield>
					<controlfield tag="050">||||||||g|||||</controlfield>
					<controlfield tag="051">m|||||||</controlfield>
					<datafield tag="070" ind1="-" ind2="1">
						<subfield code="a">107</subfield>
					</datafield>
					<datafield tag="078" ind1="r" ind2="1">
						<subfield code="a">107: edoweb</subfield>
					</datafield>
					<datafield tag="080" ind1="-" ind2="1">
						<subfield code="a">60</subfield>
					</datafield>
					<datafield tag="100" ind1="b" ind2="1">
						<subfield code="p">Roos, Hartmut</subfield>
						<subfield code="b">[Red.]</subfield>
						<subfield code="9">(DE-588)110513134</subfield>
					</datafield>
					<datafield tag="200" ind1="b" ind2="1">
						<subfield code="k">Rheinland-Pfalz</subfield>
						<subfield code="b">Ministerium der Finanzen</subfield>
						<subfield code="9">(DE-588)42535-7</subfield>
					</datafield>
					<datafield tag="201" ind1="-" ind2="1">
						<subfield code="k">Ministerium der Finanzen</subfield>
						<subfield code="h">Rheinland-Pfalz</subfield>
					</datafield>
					<datafield tag="201" ind1="-" ind2="1">
						<subfield code="k">Rheinland-Pfalz</subfield>
						<subfield code="b">Ministerium der Finanzen</subfield>
						<subfield code="b">Staatsbauverwaltung</subfield>
					</datafield>
					<datafield tag="201" ind1="-" ind2="1">
						<subfield code="k">Staatsbauverwaltung</subfield>
						<subfield code="h">Rheinland-Pfalz, Ministerium der Finanzen
						</subfield>
					</datafield>
					<datafield tag="201" ind1="-" ind2="1">
						<subfield code="k">Rheinland-Pfalz</subfield>
						<subfield code="b">Ministerium der Finanzen</subfield>
						<subfield code="b">Abteilung Bauwesen</subfield>
					</datafield>
					<datafield tag="331" ind1="-" ind2="1">
						<subfield code="a">Hinweise für Eltern</subfield>
					</datafield>
					<datafield tag="334" ind1="-" ind2="1">
						<subfield code="a">Elektronische Ressource</subfield>
					</datafield>
					<datafield tag="359" ind1="-" ind2="1">
						<subfield code="a">[Hrsg.: Ministerium der Finanzen. Red.:
							Hartmut Roos ...]</subfield>
					</datafield>
					<datafield tag="403" ind1="-" ind2="1">
						<subfield code="a">Stand: Januar 2008</subfield>
					</datafield>
					<datafield tag="410" ind1="-" ind2="1">
						<subfield code="a">Mainz</subfield>
					</datafield>
					<datafield tag="412" ind1="-" ind2="1">
						<subfield code="a">Ministerium der Finanzen</subfield>
					</datafield>
					<datafield tag="425" ind1="a" ind2="1">
						<subfield code="a">2008</subfield>
					</datafield>
					<datafield tag="433" ind1="-" ind2="1">
						<subfield code="a">52 S. : Ill.</subfield>
					</datafield>
					<datafield tag="451" ind1="-" ind2="1">
						<subfield code="a">Steuertipp</subfield>
					</datafield>
					<datafield tag="652" ind1="a" ind2="1">
						<subfield code="a">Archivierte Online-Ressource</subfield>
					</datafield>
					<datafield tag="655" ind1="e" ind2="1">
						<subfield code="x">kostenfrei; Langzeitarchivierung
						</subfield>
					</datafield>
					<datafield tag="700" ind1="l" ind2="1">
						<subfield code="a">rpb424040</subfield>
					</datafield>
					<datafield tag="700" ind1="l" ind2="1">
						<subfield code="a">600</subfield>
					</datafield>
					<datafield tag="700" ind1="l" ind2="1">
						<subfield code="a">106</subfield>
					</datafield>
					<datafield tag="700" ind1="l" ind2="1">
						<subfield code="a">131</subfield>
					</datafield>
					<datafield tag="700" ind1="l" ind2="1">
						<subfield code="a">139</subfield>
					</datafield>
					<datafield tag="700" ind1="b" ind2="1">
						<subfield code="a">340</subfield>
					</datafield>
					<datafield tag="902" ind1="-" ind2="1">
						<subfield code="g">Rheinland-Pfalz</subfield>
						<subfield code="9">(DE-588)4049795-1</subfield>
					</datafield>
					<datafield tag="902" ind1="-" ind2="1">
						<subfield code="s">Steuer</subfield>
						<subfield code="9">(DE-588)4057399-0</subfield>
					</datafield>
					<datafield tag="902" ind1="-" ind2="1">
						<subfield code="s">Eltern</subfield>
						<subfield code="9">(DE-588)4014516-5</subfield>
					</datafield>
					<controlfield tag="SYS">017294630</controlfield>
					<datafield tag="LOW" ind1="-" ind2="1">
						<subfield code="a">R0003</subfield>
					</datafield>
					<datafield tag="HID" ind1="-" ind2="1">
						<subfield code="s">DTL2ALEPH</subfield>
						<subfield code="c">20081217</subfield>
						<subfield code="l">HBZ01</subfield>
						<subfield code="h">1300</subfield>
					</datafield>
					<datafield tag="952" ind1="-" ind2="1">
						<subfield code="s">Besteuerung</subfield>
					</datafield>
					<datafield tag="952" ind1="-" ind2="1">
						<subfield code="s">Steuerwesen</subfield>
					</datafield>
					<datafield tag="952" ind1="-" ind2="1">
						<subfield code="s">Elternhaus</subfield>
					</datafield>
					<datafield tag="088" ind1=" " ind2=" ">
						<subfield code="a">107</subfield>
					</datafield>
					<datafield tag="655" ind1="e" ind2=" ">
						<subfield code="u">http://digitool.hbz-nrw.de:1801/webclient/DeliveryManager?pid=2708090&amp;custom_att_2=simple_viewer
						</subfield>
						<subfield code="y">Hinweise für Eltern</subfield>
						<subfield code="x">Archivierte Online-Ressource</subfield>
					</datafield>
				</record>
			</metadata>
		</record>
	</ListRecords>
</OAI-PMH>